<record><leader>00000cas a2200000 a 4500</leader><controlfield tag="001">9906060</controlfield><controlfield tag="008">830914d19281932txuwr ne      0   a0eng d</controlfield><controlfield tag="009">591</controlfield><datafield ind1=" " ind2=" " tag="010"><subfield code="a">   36025491 </subfield></datafield><datafield ind1=" " ind2=" " tag="040"><subfield code="a">TXH</subfield><subfield code="b">eng</subfield><subfield code="c">TXH</subfield><subfield code="d">PPM</subfield><subfield code="d">OCL</subfield></datafield><datafield ind1=" " ind2=" " tag="042"><subfield code="a">msc</subfield></datafield><datafield ind1=" " ind2=" " tag="090"><subfield code="a">AP2</subfield><subfield code="b">.H883</subfield></datafield><datafield ind1="0" ind2="4" tag="245"><subfield code="a">The Houston gargoyle.</subfield></datafield><datafield ind1=" " ind2=" " tag="260"><subfield code="a">Houston, Tex. :</subfield><subfield code="b">Mayfair Pub. Co.,</subfield><subfield code="c">1928-1932.</subfield></datafield><datafield ind1=" " ind2=" " tag="300"><subfield code="a">5 v. in 7 :</subfield><subfield code="b">ill. ;</subfield><subfield code="c">36 cm.</subfield></datafield><datafield ind1=" " ind2=" " tag="310"><subfield code="a">Biweekly</subfield><subfield code="b">June 19-  Sept. 1932.</subfield></datafield><datafield ind1=" " ind2=" " tag="321"><subfield code="a">Weekly</subfield><subfield code="b">Jan. 3, 1928-June 5, 1932.</subfield></datafield><datafield ind1="0" ind2=" " tag="362"><subfield code="a">Vol. 1, no. 3 (Jan. 17, 1928)-v. 5 (Sept. 25, 1932).</subfield></datafield><datafield ind1=" " ind2=" " tag="752"><subfield code="a">United States</subfield><subfield code="b">Texas</subfield><subfield code="c">Harris</subfield><subfield code="d">Houston.</subfield></datafield><datafield ind1="0" ind2="0" tag="780"><subfield code="t">Houston's news weekly</subfield></datafield></record>